<record><leader>00000cas a22000007a 4500</leader><controlfield tag="001">24564390</controlfield><controlfield tag="008">911015d18661867nyuwr ne      0    0eng d</controlfield><datafield ind1=" " ind2=" " tag="010"><subfield code="a">sn 91066703 </subfield></datafield><datafield ind1=" " ind2=" " tag="040"><subfield code="a">NYS</subfield><subfield code="b">eng</subfield><subfield code="c">NYS</subfield><subfield code="d">OCLCQ</subfield></datafield><datafield ind1=" " ind2=" " tag="042"><subfield code="a">msc</subfield></datafield><datafield ind1="0" ind2=" " tag="130"><subfield code="a">Camden news (Camden, N.Y.)</subfield></datafield><datafield ind1="1" ind2="4" tag="245"><subfield code="a">The Camden news.</subfield></datafield><datafield ind1=" " ind2=" " tag="260"><subfield code="a">Camden, N.Y. :</subfield><subfield code="b">Giles &amp; Franklin</subfield></datafield><datafield ind1=" " ind2=" " tag="300"><subfield code="a">v.</subfield></datafield><datafield ind1=" " ind2=" " tag="310"><subfield code="a">Weekly</subfield></datafield><datafield ind1="1" ind2=" " tag="362"><subfield code="a">Began in 1866; ceased in 1867.</subfield></datafield><datafield ind1=" " ind2=" " tag="500"><subfield code="a">"Progress and Improvement."</subfield></datafield><datafield ind1=" " ind2=" " tag="500"><subfield code="a">Published on Wednesday.</subfield></datafield><datafield ind1=" " ind2=" " tag="588"><subfield code="a">Description based on: Vol. 1, no. 9 (Aug. 8, 1866).</subfield></datafield><datafield ind1=" " ind2=" " tag="588"><subfield code="a">Latest issue consulted: Vol. 1, no. 47 (May 1, 1867).</subfield></datafield><datafield ind1=" " ind2="4" tag="651"><subfield code="a">Camden (N.Y.)</subfield><subfield code="v">Newspapers.</subfield></datafield><datafield ind1=" " ind2=" " tag="752"><subfield code="a">United States</subfield><subfield code="b">New York</subfield><subfield code="c">Oneida</subfield><subfield code="d">Camden.</subfield></datafield><datafield ind1="0" ind2="0" tag="785"><subfield code="t">Coxsackie news</subfield><subfield code="w">(DLC)sn 83031433</subfield><subfield code="w">(OCoLC)9879160</subfield></datafield><datafield ind1="1" ind2=" " tag="029"><subfield code="a">AU@</subfield><subfield code="b">000025851056</subfield></datafield></record>